<?xml version="1.0" encoding="UTF-8"?><collection xmlns="http://www.loc.gov/MARC21/slim"><record><leader>00532nam--2200193-u-4500</leader><controlfield tag="001">000053653</controlfield><controlfield tag="002">20161230</controlfield><controlfield tag="005">20161230201051</controlfield><controlfield tag="008">110511s1000------------r-----000-0-rus-d</controlfield><datafield ind1=" " ind2=" " tag="040"><subfield code="a">IFIN-HH</subfield></datafield><datafield ind1=" " ind2=" " tag="041"><subfield code="a">rus</subfield></datafield><datafield ind1=" " ind2=" " tag="080"><subfield code="a">537.226.83</subfield></datafield><datafield ind1="1" ind2=" " tag="100"><subfield code="a">Bologa, M.K</subfield></datafield><datafield ind1="1" ind2="0" tag="245"><subfield code="a">Teploobmen pri kipenii i kondensatii v elektriceskoi pole</subfield><subfield code="c">M.k. bologa; g.f. smirnov; a.b. didkovskii; s.m. klimov</subfield></datafield><datafield ind1=" " ind2=" " tag="260"><subfield code="a">Kisinev</subfield><subfield code="b">Stiinta</subfield><subfield code="c">1987</subfield></datafield><datafield ind1=" " ind2=" " tag="300"><subfield code="a">239P</subfield></datafield><datafield ind1="1" ind2=" " tag="700"><subfield code="a">Klimov, S.M</subfield></datafield><datafield ind1=" " ind2=" " tag="852"><subfield code="a">74765</subfield><subfield code="c">536</subfield></datafield><datafield ind1=" " ind2=" " tag="CAT"><subfield code="a">Sys</subfield><subfield code="c">20110511</subfield><subfield code="h">105009</subfield></datafield></record></collection>